@article{Blei2003,
  title={Latent dirichlet allocation},
  author={Blei, David M and Ng, Andrew Y and Jordan, Michael I},
  journal={the Journal of machine Learning research},
  volume={3},
  pages={993--1022},
  year={2003},
  publisher={JMLR. org}
}

@inproceedings{Budanitsky2001,
  title={Semantic distance in WordNet: An experimental, application-oriented evaluation of five measures},
  author={Budanitsky, Alexander and Hirst, Graeme},
  booktitle={Workshop on WordNet and Other Lexical Resources},
  volume={2},
  year={2001}
}

@inproceedings{Chahal2013,
  title={Ranking of web documents using semantic similarity},
  author={Chahal, Poonam and Singh, Manjeet and Kumar, Suresh},
  booktitle={Information Systems and Computer Networks (ISCON), 2013 International Conference on},
  pages={145--150},
  year={2013},
  organization={IEEE}
}

@inproceedings{Chim2007,
  title={A new suffix tree similarity measure for document clustering},
  author={Chim, Hung and Deng, Xiaotie},
  booktitle={Proceedings of the 16th international conference on World Wide Web},
  pages={121--130},
  year={2007},
  organization={ACM}
}

@inproceedings{Dumais1998,
  title={Inductive learning algorithms and representations for text categorization},
  author={Dumais, Susan and Platt, John and Heckerman, David and Sahami, Mehran},
  booktitle={Proceedings of the seventh international conference on Information and knowledge management},
  pages={148--155},
  year={1998},
  organization={ACM}
}

@inproceedings{Elsayed2008,
  title={Pairwise document similarity in large collections with MapReduce},
  author={Elsayed, Tamer and Lin, Jimmy and Oard, Douglas W},
  booktitle={Proceedings of the 46th Annual Meeting of the Association for Computational Linguistics on Human Language Technologies: Short Papers},
  pages={265--268},
  year={2008},
  organization={Association for Computational Linguistics}
}


@inproceedings{Fernando2012,
  title={Comparing Taxonomies for Organising Collections of Documents.},
  author={Fernando, Samuel and Hall, Mark and Agirre, Eneko and Soroa, Aitor and Clough, Paul and Stevenson, Mark},
  booktitle={COLING},
  pages={879--894},
  year={2012}
}

@inproceedings{Furnkranz1998,
  title={A case study in using linguistic phrases for text categorization on the WWW},
  author={Furnkranz, Johannes and Mitchell, Tom and Riloff, Ellen},
  booktitle={Proceedings from the AAAI/ICML Workshop on Learning for Text Categorization},
  pages={5--12},
  year={1998}
}

@article{Harispe2013,
  title={Semantic Measures for the Comparison of Units of Language, Concepts or Entities from Text and Knowledge Base Analysis},
  author={Harispe, S{\'e}bastien and Ranwez, Sylvie and Janaqi, Stefan and Montmain, Jacky},
  journal={arXiv preprint arXiv:1310.1285},
  year={2013}
}

@article{Hofmann2000,
  title={Learning the similarity of documents: An information-geometric approach to document retrieval and categorization},
  author={Hofmann, Thomas},
  year={2000},
  publisher={Citeseer}
}

@inproceedings{Hurtado2011,
  title={Finding similar research papers using language models},
  author={Hurtado Martin, German and Schockaert, Steven and Cornelis, Chris and Naessens, Helga},
  booktitle={2nd Workshop on Semantic Personalized Information Management: Retrieval and Recommendation (SPIM-2011)},
  pages={106--113},
  year={2011},
  organization={University College Ghent}
}

@article{Hurtado2013,
  title={Using semi-structured data for assessing research paper similarity},
  author={Hurtado Mart{\'\i}N, Germ{\'a}N and Schockaert, Steven and Cornelis, Chris and Naessens, Helga},
  journal={Information Sciences},
  volume={221},
  pages={245--261},
  year={2013},
  publisher={Elsevier}
}

@inproceedings{Huang2008,
  title={Similarity measures for text document clustering},
  author={Huang, Anna},
  booktitle={Proceedings of the sixth new zealand computer science research student conference (NZCSRSC2008), Christchurch, New Zealand},
  pages={49--56},
  year={2008}
}

@article{Iosif2010,
  title={Unsupervised semantic similarity computation between terms using web documents},
  author={Iosif, Elias and Potamianos, Alexandros},
  journal={Knowledge and Data Engineering, IEEE Transactions on},
  volume={22},
  number={11},
  pages={1637--1647},
  year={2010},
  publisher={IEEE}
}

@inproceedings{Koster2009,
  title={Phrase-based document categorization revisited},
  author={Koster, Cornelis HA and Beney, Jean G},
  booktitle={Proceedings of the 2nd international workshop on Patent information retrieval},
  pages={49--56},
  year={2009},
  organization={ACM}
}

@inproceedings{Madylova2009,
  title={A taxonomy based semantic similarity of documents using the cosine measure},
  author={Madylova, Ainura and Oguducu, SG},
  booktitle={Computer and Information Sciences, 2009. ISCIS 2009. 24th International Symposium on},
  pages={129--134},
  year={2009},
  organization={IEEE}
}

@inproceedings{Maguitman2005,
  title={Algorithmic detection of semantic similarity},
  author={Maguitman, Ana G and Menczer, Filippo and Roinestad, Heather and Vespignani, Alessandro},
  booktitle={Proceedings of the 14th international conference on World Wide Web},
  pages={107--116},
  year={2005},
  organization={ACM}
}

@book{Manning2008,
  title={Introduction to information retrieval},
  author={Manning, Christopher D and Raghavan, Prabhakar and Sch{\"u}tze, Hinrich},
  volume={1},
  year={2008},
  publisher={Cambridge university press Cambridge}
}

@incollection{Medelyan2013,
  title={Constructing a focused taxonomy from a document collection},
  author={Medelyan, Olena and Manion, Steve and Broekstra, Jeen and Divoli, Anna and Huang, Anna-Lan and Witten, Ian H},
  booktitle={The Semantic Web: Semantics and Big Data},
  pages={367--381},
  year={2013},
  publisher={Springer}
}

@article{Mikolov2013efficient,
  title={Efficient estimation of word representations in vector space},
  author={Mikolov, Tomas and Chen, Kai and Corrado, Greg and Dean, Jeffrey},
  journal={arXiv preprint arXiv:1301.3781},
  year={2013}
}

@inproceedings{Mikolov2013distributed,
  title={Distributed representations of words and phrases and their compositionality},
  author={Mikolov, Tomas and Sutskever, Ilya and Chen, Kai and Corrado, Greg S and Dean, Jeff},
  booktitle={Advances in Neural Information Processing Systems},
  pages={3111--3119},
  year={2013}
}

@inproceedings{Mitra1997,
  title={An Analysis of Statistical and Syntactic Phrases.},
  author={Mitra, Mandar and Buckley, Chris and Singhal, Amit and Cardie, Claire and others},
  booktitle={RIAO},
  volume={97},
  pages={200--214},
  year={1997}
}

@article{Nastase2007,
  title={Using dependency relations for text classification},
  author={Nastase, Vivi and Sayyad, Jelber and Caropreso, Maria Fernanda},
  journal={University of Ottawa SITE Technical Report TR-2007-12},
  volume={13},
  year={2007},
  publisher={Citeseer}
}

@inproceedings{Passos2009,
  title={Wordnet-based metrics do not seem to help document clustering},
  author={Passos, Alexandre and Wainer, Jacques},
  booktitle={Proc. of the of the II Workshop on Web and Text Intelligente, S{\~a}o Carlos, Brazil},
  year={2009}
}

@article{Pedersen2007,
  title={Measures of semantic similarity and relatedness in the biomedical domain},
  author={Pedersen, Ted and Pakhomov, Serguei VS and Patwardhan, Siddharth and Chute, Christopher G},
  journal={Journal of biomedical informatics},
  volume={40},
  number={3},
  pages={288--299},
  year={2007},
  publisher={Elsevier}
}

@inproceedings{Ponte1998,
  title={A language modeling approach to information retrieval},
  author={Ponte, Jay M and Croft, W Bruce},
  booktitle={Proceedings of the 21st annual international ACM SIGIR conference on Research and development in information retrieval},
  pages={275--281},
  year={1998},
  organization={ACM}
}

@inproceedings{Popescu2011,
  title={Using a Wikipedia-based Semantic Relatedness Measure for Document Clustering.},
  author={Popescu-Belis, Andrei and Yazdani, Majid},
  booktitle={Graph-based Methods for Natural Language Processing},
  number={EPFL-CONF-167425},
  year={2011}
}

@article{Punyakanok2008,
  title={The importance of syntactic parsing and inference in semantic role labeling},
  author={Punyakanok, Vasin and Roth, Dan and Yih, Wen-tau},
  journal={Computational Linguistics},
  volume={34},
  number={2},
  pages={257--287},
  year={2008},
  publisher={MIT Press}
}

@article{Schapire1999,
  title={Improved boosting algorithms using confidence-rated predictions},
  author={Schapire, Robert E and Singer, Yoram},
  journal={Machine learning},
  volume={37},
  number={3},
  pages={297--336},
  year={1999},
  publisher={Springer}
}

@article{Shawe2002,
  title={Learning semantic similarity},
  author={Shawe-Taylor, Jaz Kandola John and Cristianini, Nello},
  year={2002}
}

@misc{StanfordParser,
  title={The Stanford Natural Language Processing Group},
  author={Tools, Stanford CoreNLP}
}

@article{Rafi2013,
  title={An improved semantic similarity measure for document clustering based on topic maps},
  author={Rafi, Muhammad and Shaikh, Mohammad Shahid},
  journal={arXiv preprint arXiv:1303.4087},
  year={2013}
}

@article{Takale2010,
  title={Measuring semantic similarity between words using web documents},
  author={Takale, Sheetal A and Nandgaonkar, Sushma S},
  journal={International Journal of Advanced Computer Science and Applications (IJACSA)},
  volume={1},
  number={4},
  year={2010}
}

@article{Thanh2011,
  title={Document Representation and Clustering with WordNet Based Similarity Rough Set Model.},
  author={Thanh, Nguyen Chi and Yamada, Koichi},
  journal={International Journal of Computer Science Issues (IJCSI)},
  volume={8},
  number={5},
  year={2011}
}

@inproceedings{Varelas2005,
  title={Semantic similarity methods in wordNet and their application to information retrieval on the web},
  author={Varelas, Giannis and Voutsakis, Epimenidis and Raftopoulou, Paraskevi and Petrakis, Euripides GM and Milios, Evangelos E},
  booktitle={Proceedings of the 7th annual ACM international workshop on Web information and data management},
  pages={10--16},
  year={2005},
  organization={ACM}
}

@inproceedings{Varga2012,
  title={Exploring the similarity between social knowledge sources and twitter for cross-domain topic classification},
  author={Varga, Andrea and Cano, Amparo Elizabeth and Ciravegna, Fabio},
  booktitle={Proceedings of the Knowledge Extraction and Consolidation from Social Media, 11th International Semantic Web Conference (ISWC2012)},
  year={2012}
}

@inproceedings{Whissell2013,
  title={Effective measures for inter-document similarity},
  author={Whissell, John S and Clarke, Charles LA},
  booktitle={Proceedings of the 22nd ACM international conference on Conference on information \& knowledge management},
  pages={1361--1370},
  year={2013},
  organization={ACM}
}

@article{Yoon2014,
  title={Link-Based Similarity Measures Using Reachability Vectors},
  author={Yoon, Seok-Ho and Kim, Ji-Soo and Ha, Jiwoon and Kim, Sang-Wook and Ryu, Minsoo and Choi, Ho-Jin},
  journal={The Scientific World Journal},
  volume={2014},
  year={2014},
  publisher={Hindawi Publishing Corporation}
} 

@incollection{Zhang2008,
  title={A Paper Recommender for Scientific Literatures Based on Semantic Concept Similarity},
  author={Zhang, Ming and Wang, Weichun and Li, Xiaoming},
  booktitle={Digital Libraries: Universal and Ubiquitous Access to Information},
  pages={359--362},
  year={2008},
  publisher={Springer}
}

@inproceedings{Zheng2012,
  title={Entity Disambiguation with Freebase},
  author={Zheng, Zhicheng and Si, Xiance and Li, Fangtao and Chang, Edward Y and Zhu, Xiaoyan},
  booktitle={Proceedings of the The 2012 IEEE/WIC/ACM International Joint Conferences on Web Intelligence and Intelligent Agent Technology-Volume 01},
  pages={82--89},
  year={2012},
  organization={IEEE Computer Society}
}

@article{Zhu2010,
  title={Integrating multiple document features in language models for expert finding},
  author={Zhu, Jianhan and Huang, Xiangji and Song, Dawei and R{\"u}ger, Stefan},
  journal={Knowledge and Information Systems},
  volume={23},
  number={1},
  pages={29--54},
  year={2010},
  publisher={Springer}
}

@article{Blei2007,
  title={Supervised topic models},
  author={David M. Blei, Jon D. McAuliffe},
  journal={The Scientific World Journal}
} 